% list of references
@misc{openSourceSecurity,
author = "snyk",
title = "Open Source Security Explained",
note = "https://snyk.io/series/open-source-security/"
}